@article{dugaiczyk1975ligation,
  title={Ligation of EcoRI endonuclease-generated DNA fragments into
    linear and circular structures},
  author={Dugaiczyk, Achilles and Boyer, Herbert W and Goodman, Howard
    M},
  journal={Journal of molecular biology},
  volume={96},
  number={1},
  pages={171--184},
  year={1975},
  publisher={Elsevier}
}

@article{euskirchen2017same,
  title={Same-day genomic and epigenomic diagnosis of brain tumors using
    real-time nanopore sequencing},
  author={Euskirchen, Philipp and Bielle, Franck and Labreche, Karim and
    Kloosterman, Wigard P and Rosenberg, Shai and Daniau, Mailys and
    Schmitt, Charlotte and Masliah-Planchon, Julien and Bourdeaut, Franck
    and Dehais, Caroline and others},
  journal={Acta Neuropathologica},
  volume={134},
  number={5},
  pages={691--703},
  year={2017},
  publisher={Springer}
}

@article{tyson2018minion,
  title={MinION-based long-read sequencing and assembly extends the
    Caenorhabditis elegans reference genome},
  author={Tyson, John R and O'Neil, Nigel J and Jain, Miten and Olsen,
    Hugh E and Hieter, Philip and Snutch, Terrance P},
  journal={Genome Research},
  volume={28},
  number={2},
  pages={266--274},
  year={2018},
  publisher={Cold Spring Harbor Lab}
}
@article{jain2018nanopore,
  title={Nanopore sequencing and assembly of a human genome with
    ultra-long reads},
  author={Jain, Miten and Koren, Sergey and Miga, Karen H and Quick,
    Josh and Rand, Arthur C and Sasani, Thomas A and Tyson, John R and
    Beggs, Andrew D and Dilthey, Alexander T and Fiddes, Ian T and
    others},
  journal={Nature Biotechnology},
  year={2018},
  publisher={Nature Publishing Group}
}
@article{muthukumar2010theory,
  title={Theory of capture rate in polymer translocation},
  author={Muthukumar, M},
  journal={The Journal of Chemical Physics},
  volume={132},
  number={19},
  pages={05B605},
  year={2010},
  publisher={AIP}
}

@article{wanunu2008dna,
  title={{DNA translocation governed by interactions with solid-state
    nanopores}},
  author={Wanunu, Meni and Sutin, Jason and McNally, Ben and Chow,
    Andrew and Meller, Amit},
  journal={Biophysical Journal},
  volume={95},
  number={10},
  pages={4716--4725},
  year={2008},
  publisher={Elsevier}
}

@misc{jain2018nanopore_git,
  title={Nanopore sequencing and assembly of a human genome with
    ultra-long reads},
  author={Jain, Miten and Koren, Sergey and Miga, Karen H and Quick,
    Josh and Rand, Arthur C and Sasani, Thomas A and Tyson, John R and
    Beggs, Andrew D and Dilthey, Alexander T and Fiddes, Ian T and
    others},
  publisher={GitHub},
  url={https://github.com/nanopore-wgs-consortium/NA12878/blob/master/Genome.md},
  year={2018}
}

@article{sovic2016fast,
  title={{Fast and sensitive mapping of nanopore sequencing reads with
    GraphMap}},
  author={Sovi{\'c}, Ivan and {\v{S}}iki{\'c}, Mile and Wilm, Andreas
    and Fenlon, Shannon Nicole and Chen, Swaine and Nagarajan, Niranjan},
  journal={Nature Communications},
  volume={7},
  pages={11307},
  year={2016},
  publisher={Nature Publishing Group}
}

@article{liu2015rhat,
  title={{rHAT: fast alignment of noisy long reads with regional
    hashing}},
  author={Liu, Bo and Guan, Dengfeng and Teng, Mingxiang and Wang,
    Yadong},
  journal={Bioinformatics},
  volume={32},
  number={11},
  pages={1625--1631},
  year={2015},
  publisher={Oxford University Press}
}

@article{liu2017lamsa,
  title={{LAMSA: fast split read alignment with long approximate
    matches}},
  author={Liu, Bo and Gao, Yan and Wang, Yadong},
  journal={Bioinformatics},
  volume={33},
  number={2},
  pages={192--201},
  year={2017},
  publisher={Oxford University Press}
}
@article{li2013aligning,
  title={Aligning sequence reads, clone sequences and assembly contigs
    with BWA-MEM},
  author={Li, Heng},
  journal={arXiv preprint arXiv:1303.3997},
  year={2013}
}
@article{chaisson2012mapping,
  title={Mapping single molecule sequencing reads using basic local
    alignment with successive refinement (BLASR): application and
    theory},
  author={Chaisson, Mark J and Tesler, Glenn},
  journal={BMC bioinformatics},
  volume={13},
  number={1},
  pages={238},
  year={2012},
  publisher={BioMed Central}
}

@article{li2018minimap2,
  title={Minimap2: pairwise alignment for nucleotide sequences},
  author={Li, Heng},
  journal={Bioinformatics},
  volume={34},
  number={18},
  pages={3094--3100},
  year={2018},
  publisher={Oxford University Press}
}

@article{kielbasa2011adaptive,
  title={Adaptive seeds tame genomic sequence comparison},
  author={Kie{\l}basa, Szymon M and Wan, Raymond and Sato, Kengo and
Horton, Paul and Frith, Martin C},
  journal={Genome research},
  volume={21},
  number={3},
  pages={487--493},
  year={2011},
  publisher={Cold Spring Harbor Lab}
}
@article{baslan2012genome,
  title={Genome-wide copy number analysis of single cells},
  author={Baslan, Timour and Kendall, Jude and Rodgers, Linda and Cox,
    Hilary and Riggs, Mike and Stepansky, Asya and Troge, Jennifer
    and Ravi, Kandasamy and Esposito, Diane and Lakshmi, B and others},
  journal={Nature Protocols},
  volume={7},
  number={6},
  pages={1024},
  year={2012},
  publisher={Nature Publishing Group}
}

@Inbook{kendall2014computational,
  author="Kendall, Jude
    and Krasnitz, Alexander",
  title="Computational Methods for {DNA} Copy-Number Analysis of
    Tumors",
  bookTitle="Cancer Genomics and Proteomics: Methods and Protocols",
  year="2014",
  publisher="Springer New York",
  address="New York, NY",
  pages="243--259"
}
@article{dago2014rapid,
  title={Rapid phenotypic and genomic change in response to therapeutic
    pressure in prostate cancer inferred by high content analysis of
    single circulating tumor cells},
  author={Dago, Angel E and Stepansky, Asya and Carlsson, Anders and
    Luttgen, Madelyn and Kendall, Jude and Baslan, Timour and Kolatkar,
    Anand and Wigler, Michael and Bethel, Kelly and Gross, Mitchell E and
    others},
  journal={PloS ONE},
  volume={9},
  number={8},
  pages={e101777},
  year={2014},
  publisher={Public Library of Science}
}
@article{berry2017potential,
  title={Potential of aqueous humor as a surrogate tumor biopsy for
    retinoblastoma},
  author={Berry, Jesse L and Xu, Liya and Murphree, A Linn and Krishnan,
    Subramanian and Stachelek, Kevin and Zolfaghari, Emily and McGovern,
    Kathleen and Lee, Thomas C and Carlsson, Anders and Kuhn, Peter and
    others},
  journal={JAMA ophthalmology},
  volume={135},
  number={11},
  pages={1221--1230},
  year={2017},
  publisher={American Medical Association}
}
@article{macintyre2018copy,
  title={Copy number signatures and mutational processes in ovarian
    carcinoma},
  author={Macintyre, Geoff and Goranova, Teodora E and De Silva, Dilrini
    and Ennis, Darren and Piskorz, Anna M and Eldridge, Matthew and Sie,
    Daoud and Lewsley, Liz-Anne and Hanif, Aishah and Wilson, Cheryl and
    others},
  journal={Nature Genetics},
  volume={50},
  number={9},
  pages={1262},
  year={2018},
  publisher={Nature Publishing Group}
}

@article{kader2016copy,
  title={{Copy number analysis by low coverage whole genome sequencing
    using ultra low-input DNA from formalin-fixed paraffin embedded
    tumor tissue}},
  author={Kader, Tanjina and Goode, David L and Wong, Stephen Q and
    Connaughton, Jacquie and Rowley, Simone M and Devereux, Lisa and
    Byrne, David and Fox, Stephen B and Arnau, Gisela Mir and Tothill,
    Richard W and others},
  journal={Genome Medicine},
  volume={8},
  number={1},
  pages={121},
  year={2016},
  publisher={BioMed Central}
}

@article{baslan2015optimizing,
  title={Optimizing sparse sequencing of single cells for highly
    multiplex copy number profiling},
  author={Baslan, Timour and Kendall, Jude and Ward, Brian and Cox,
    Hilary and Leotta, Anthony and Rodgers, Linda and Riggs, Michael
    and D'Italia, Sean and Sun, Guoli and Yong, Mao and others},
  journal={Genome Research},
  volume={25},
  number={5},
  pages={714--724},
  year={2015},
  publisher={Cold Spring Harbor Lab}
}
@article{navin2011tumour,
  title={Tumour evolution inferred by single-cell sequencing},
  author={Navin, Nicholas and Kendall, Jude and Troge, Jennifer and
    Andrews, Peter and Rodgers, Linda and McIndoo, Jeanne and Cook,
    Kerry and Stepansky, Asya and Levy, Dan and Esposito, Diane and
    others},
  journal={Nature},
  volume={472},
  number={7341},
  pages={90},
  year={2011},
  publisher={Nature Publishing Group}
}

